%%% core %%%

@PhDThesis{jeff-phd,
  author = {Bezanson, Jeff},
  title	= {Abstraction in Technical Computing},
  school	= {Massachusetts Institute of Technology, Department of Electrical Engineering and Computer Science},
  year={2015},
  url={https://dspace.mit.edu/handle/1721.1/99811}
}

@article{julia-2012,
  added-at = {2018-08-13T00:00:00.000+0200},
  author = {Bezanson, Jeff and Karpinski, Stefan and Shah, Viral B. and Edelman, Alan},
  biburl = {https://www.bibsonomy.org/bibtex/29ae29da4119dcbb50e9d129f56c22275/dblp},
  ee = {http://arxiv.org/abs/1209.5145},
  interhash = {af6bd6d700e06507d033ecf741910672},
  intrahash = {9ae29da4119dcbb50e9d129f56c22275},
  journal = {CoRR},
  keywords = {dblp},
  timestamp = {2018-08-14T12:24:08.000+0200},
  title = {Julia: A Fast Dynamic Language for Technical Computing},
  url = {http://dblp.uni-trier.de/db/journals/corr/corr1209.html#abs-1209-5145},
  volume = {abs/1209.5145},
  year = {2012}
}

@MastersThesis{jeff-master,
 author = {Bezanson, Jeff},
 title = {Julia: An Efficient Dynamic Language for Technical Computing},
 school	= {Massachusetts Institute of Technology, Department of Electrical Engineering and Computer Science},
 year = {2012},
 url={https://dspace.mit.edu/handle/1721.1/74897}
}

%%% adapted from https://github.com/JuliaLang/julia/blob/master/CITATION.bib %%%

% This article is the definitive citation for Julia.
@article{Julia-2017,
    title={Julia: A Fresh Approach to Numerical Computing},
    author={Bezanson, Jeff and Edelman, Alan and Karpinski, Stefan and Shah, Viral B},
    journal={SIAM {R}eview},
    volume={59},
    number={1},
    pages={65--98},
    year={2017},
    publisher={SIAM},
    doi={10.1137/141000671}
}

% The following citations are about specific aspects of Julia.

@article{Julia-2019-a,
   author = {Bezanson, Jeff and Chen, Jiahao and Chung, Benjamin and Karpinski, Stefan and Shah, Viral B. and Vitek, Jan and Zoubritzky, Lionel},
   title = {Julia: Dynamism and Performance Reconciled by Design},
   journal = {Proc. ACM Program. Lang.},
   issue_date = {November 2018},
   volume = {2},
   number = {OOPSLA},
   month = oct,
   year = {2018},
   issn = {2475-1421},
   pages = {120:1--120:23},
   articleno = {120},
   numpages = {23},
   url = {http://doi.acm.org/10.1145/3276490},
   doi = {10.1145/3276490},
   acmid = {3276490},
   publisher = {ACM},
   address = {New York, NY, USA},
   keywords = {dynamic languages, just-in-time compilation, multiple dispatch},
}

@article{Julia-2019-b,
   author = {Zappa Nardelli, Francesco and Belyakova, Julia and Pelenitsyn, Artem and Chung, Benjamin and Bezanson, Jeff and Vitek, Jan},
   title = {Julia Subtyping: A Rational Reconstruction},
   journal = {Proc. ACM Program. Lang.},
   issue_date = {November 2018},
   volume = {2},
   number = {OOPSLA},
   month = oct,
   year = {2018},
   issn = {2475-1421},
   pages = {113:1--113:27},
   articleno = {113},
   numpages = {27},
   url = {http://doi.acm.org/10.1145/3276483},
   doi = {10.1145/3276483},
   acmid = {3276483},
   publisher = {ACM},
   address = {New York, NY, USA},
   keywords = {Multiple Dispatch, Subtyping},
}

@inproceedings{Julia-2014,
   author = {Bezanson, Jeff and Chen, Jiahao and Karpinski, Stefan and Shah, Viral and Edelman, Alan},
   title = {Array Operators Using Multiple Dispatch: A Design Methodology for Array Implementations in Dynamic Languages},
   booktitle = {Proceedings of ACM SIGPLAN International Workshop on Libraries, Languages, and Compilers for Array Programming},
   series = {ARRAY'14},
   year = {2014},
   isbn = {978-1-4503-2937-8},
   location = {Edinburgh, United Kingdom},
   pages = {56:56--56:61},
   articleno = {56},
   numpages = {6},
   url = {http://doi.acm.org/10.1145/2627373.2627383},
   doi = {10.1145/2627373.2627383},
   acmid = {2627383},
   publisher = {ACM},
   address = {New York, NY, USA},
   keywords = {Julia, array indexing, dynamic dispatch, multiple dispatch, static analysis, type inference},
}

%%% one-time reference %%%

@InProceedings{LLVM,
  author    = {Chris Lattner and Vikram Adve},
  title     = {{LLVM}: A Compilation Framework for Lifelong Program Analysis \& Transformation},
  booktitle = "{Proceedings of the 2004 International Symposium on Code Generation and Optimization (CGO'04)}",
  address   = {Palo Alto, California},
  month     = {Mar},
  year      = 2004
}

@online{type-annotation,
  author = {JuliaLang Contributors},
  title = {Annotate values taken from untyped locations},
  howpublished = {\url{https://docs.julialang.org/en/v1/manual/performance-tips/#Annotate-values-taken-from-untyped-locations-1}},
  note = {(Accessed on 01/16/2020)}
}

@article{DunningHuchetteLubin2017,
author = {Iain Dunning and Joey Huchette and Miles Lubin},
title = {JuMP: A Modeling Language for Mathematical Optimization},
journal = {SIAM Review},
volume = {59},
number = {2},
pages = {295-320},
year = {2017},
doi = {10.1137/15M1020575},
}
